<?xml version="1.0" encoding="UTF-8"?><collection xmlns="http://www.loc.gov/MARC21/slim"><record><leader>00520nam--2200193-i-4500</leader><controlfield tag="001">000012712</controlfield><controlfield tag="002">20161230</controlfield><controlfield tag="005">20170105234552</controlfield><controlfield tag="008">060222s1000------------r-----000-0-rum-d</controlfield><datafield ind1=" " ind2=" " tag="040"><subfield code="a">IFIN-HH</subfield></datafield><datafield ind1=" " ind2=" " tag="041"><subfield code="a">rum</subfield></datafield><datafield ind1=" " ind2=" " tag="080"><subfield code="a">533.9.002</subfield></datafield><datafield ind1="1" ind2=" " tag="100"><subfield code="a">Vas, A</subfield></datafield><datafield ind1="1" ind2="0" tag="245"><subfield code="a">Aplicatiile industriale ale plasmei termice</subfield><subfield code="c">A Vas, N. Joni, T. Cheveresan, G. Zavulan, V. Berinde</subfield></datafield><datafield ind1=" " ind2=" " tag="260"><subfield code="a">Timisoara</subfield><subfield code="b">Editura Facla</subfield><subfield code="c">1979</subfield></datafield><datafield ind1=" " ind2=" " tag="300"><subfield code="a">177 p</subfield></datafield><datafield ind1="1" ind2=" " tag="700"><subfield code="a">Berinde, V</subfield></datafield><datafield ind1=" " ind2=" " tag="852"><subfield code="a">46157</subfield><subfield code="c">533.9</subfield></datafield><datafield ind1=" " ind2=" " tag="CAT"><subfield code="a">SYS</subfield><subfield code="c">20170105</subfield><subfield code="h">234552</subfield></datafield></record></collection>